@article{ieee_80211_2020,
  author    = {{LAN/MAN Standards Committee of the IEEE Computer Society}},
  title     = {"{IEEE Standard for Information Technology--Telecommunications and Information Exchange between Systems - Local and Metropolitan Area Networks--Specific Requirements - Part 11: Wireless LAN Medium Access Control (MAC) and Physical Layer (PHY) Specifications}"},
  publisher = {IEEE},
  journal   = {IEEE Std 802.11-2020 (Revision of IEEE Std 802.11-2016)},
  pages     = {1--4379},
  year      = {2021},
  month     = feb,
  doi       = {10.1109/IEEESTD.2021.9363693},
  isbn      = {978-1-5044-7283-8},
  note      = {\url{https://doi.org/10.1109/IEEESTD.2021.9363693}},
}

@inproceedings{rc4nomore,
  author    = {Vanhoef, Mathy and Piessens, Frank},
  title     = {"{All Your Biases Belong to Us: Breaking RC4 in WPA-TKIP and TLS}"},
  publisher = {USENIX Association},
  booktitle = {"24th USENIX Security Symposium (USENIX Security 15)"},
  pages     = {97--112},
  year      = {2015},
  month     = aug,
  isbn      = {978-1-939133-11-3},
  note      = {\url{https://www.usenix.org/conference/usenixsecurity15/technical-sessions/presentation/vanhoef}},
}

@inproceedings{krack,
  author    = {Vanhoef, Mathy and Piessens, Frank},
  title     = {"{Key Reinstallation Attacks: Forcing Nonce Reuse in WPA2}"},
  publisher = {Association for Computing Machinery},
  booktitle = {"Proceedings of the 2017 ACM SIGSAC Conference on Computer and Communications Security"},
  pages     = {1313--1328},
  year      = {2017},
  doi       = {10.1145/3133956.3134027},
  isbn      = {978-1-450349-46-8},
  note      = {\url{https://doi.org/10.1145/3133956.3134027}},
}

@inproceedings{dragonblood,
  author    = {Vanhoef, Mathy and Ronen, Eyal},
  title     = {"{Dragonblood: Analyzing the Dragonfly Handshake of WPA3 and EAP-pwd}"},
  publisher = {{IEEE}},
  booktitle = {"2020 {IEEE} Symposium on Security and Privacy (SP)"},
  pages     = {517--533},
  year      = {2020},
  month     = may,
  doi       = {10.1109/SP40000.2020.00031},
  isbn      = {978-1-7281-3497-0},
  issn      = {2375-1207},
  note      = {\url{https://doi.ieeecomputersociety.org/10.1109/SP40000.2020.00031}},
}

@misc{vivo_agreement,
  author = {{TELEFÔNICA BRASIL S.A.}},
  title  = {"{CONTRATO DE ADESÃO DE PRESTAÇÃO DO SERVIÇO TELEFÔNICO FIXO COMUTADO (STFC), DO SERVIÇO DE COMUNICAÇÃO MULTIMÍDIA (SCM) E DO SERVIÇO DE ACESSO CONDICIONADO (TV POR ASSINATURA - SeAC).}"},
  note   = {\url{http://promovivofibra.clientes.ananke.com.br/planos-em-vigor/corpo_planos.php?codigo_item=ADESAO&uf=PE&cidade=TODOS&produto=internet_b2c}},
}

@misc{claro_agreement,
  author = {{CLARO S.A.}},
  title  = {"{CONTRATO DE PRESTAÇÃO DE SERVIÇO DE COMUNICAÇÃO MULTIMÍDIA (SCM)}"},
  note   = {\url{https://www.claro.com.br/documento/2019/06/13/contrato-net-virtua-claro-s.a-sao-paulo-clausula-tcooperacao-1374092328048.pdf}},
}

@misc{oi_agreement,
  author = {{TELEMAR NORTE LESTE S.A.}},
  title  = {"{CONTRATO DE ADESÃO À BANDA LARGA DA OI CATEGORIA RESIDENCIAL}"},
  note   = {\url{https://www.oi.com.br/ArquivosEstaticos/oi/docs/pdf/oivelox_regs/contrato-de-adesao-banda-larga-da-oi-residencial-r1-b2c.pdf}},
}

@misc{tim_agreement,
  author = {{TIM S/A}},
  title  = {"{CONTRATO DE PRESTAÇÃO DE SERVIÇOS}"},
  note   = {\url{https://www.tim.com.br/Portal_Conteudo/_staticfiles/dpmFiles/pdf/Contrato%20de%20Presta%C3%A7%C3%A3o%20de%20Servi%C3%A7os%20Live%20TIM.pdf}},
}

@misc{anatel_bandalargafixa,
  author = {{Agência Nacional de Telecomunicações}},
  title  = {"{Painéis de Dados - Acessos - Banda Larga Fixa}"},
  note   = {\url{https://informacoes.anatel.gov.br/paineis/acessos/banda-larga-fixa}},
}

@misc{home_router_security_report,
  author    = {Weidenbach, Peter and vom Dorp, Johannes},
  title     = {"{Home Router Security Report 2020}"},
  publisher = {Fraunhofer-Institut für Kommunikation, Informationsverarbeitung und Ergonomie},
  year      = {2020},
  month     = jun,
  note      = {\url{https://www.fkie.fraunhofer.de/content/dam/fkie/de/documents/HomeRouter/HomeRouterSecurity_2020_Bericht.pdf}},
}

@misc{netgear_security_advisory,
  author = {{NETGEAR}},
  title  = {"{Security Advisory for Multiple Vulnerabilities on Some Routers, Mobile Routers, Modems, Gateways, and Extenders}"},
  note   = {\url{https://kb.netgear.com/000061982}},
}

@misc{wpa3_spec,
  author = {{Wi-Fi Alliance}},
  title  = {"{WPA3 Specification}"},
  year   = {2020},
  month  = dec,
  note   = {\url{https://www.wi-fi.org/download.php?file=/sites/default/files/private/WPA3_Specification_v3.0.pdf}},
}

@misc{wpa3_security_considerations,
  author = {{Wi-Fi Alliance}},
  title  = {"{WPA3 Security Considerations}"},
  year   = {2019},
  month  = nov,
  note   = {\url{https://www.wi-fi.org/download.php?file=/sites/default/files/private/WPA3_Security_Considerations_201911.pdf}},
}

@misc{removal_of_tkip_from_wifi_devices,
  author = {{Wi-Fi Alliance}},
  title  = {"{Removal of TKIP from Wi-Fi Devices}"},
  year   = {2015},
  month  = mar,
  note   = {\url{https://www.wi-fi.org/download.php?file=/sites/default/files/private/Wi-Fi_Alliance_Technical_Note_TKIP_v1.0.pdf}},
}

@misc{vivo_configuraraparelhos,
  author = {{TELEFÔNICA BRASIL S.A.}},
  title  = {"{Vivo Guru Tutoriais | Como Configurar Aparelhos e Aplicativos}"},
  note   = {\url{https://configuraraparelhos.vivo.com.br/?pagina=device/internet-fixa}},
}

@misc{wifi_certification,
  author = {{Wi-Fi Alliance}},
  title  = {"{Certification}"},
  note   = {\url{https://www.wi-fi.org/certification}},
}

@misc{weca_mission,
  author = {{Wireless Ethernet Compatibility Alliance}},
  title  = {"{Mission Statement}"},
  note   = {\url{https://web.archive.org/web/20000817222927/http://www.wi-fi.org/mission.asp}},
}

@misc{about_ieee_p80211,
  author = {{LAN/MAN Standards Committee of the IEEE Computer Society}},
  title  = {"{ABOUT IEEE P802.11 AND HOW TO PARTICIPATE}"},
  note   = {\url{https://www.ieee802.org/11/abt80211.html}},
}

@misc{wifi6_introduction,
  author = {{Wi-Fi Alliance}},
  title  = {"{Wi-Fi Alliance introduces Wi-Fi 6}"},
  note   = {\url{https://www.wi-fi.org/news-events/newsroom/wi-fi-alliance-introduces-wi-fi-6}},
}

@misc{weo_introduction,
  author = {{Wi-Fi Alliance}},
  title  = {"{Wi-Fi CERTIFIED Enhanced Open delivers data protection in open Wi-Fi networks}"},
  note   = {\url{https://www.wi-fi.org/news-events/newsroom/wi-fi-certified-enhanced-open-delivers-data-protection-in-open-wi-fi-networks}},
}

@inproceedings{fms,
  author    = {Fluhrer, Scott and Mantin, Itsik and Shamir, Adi},
  title     = {"{Weaknesses in the Key Scheduling Algorithm of RC4}"},
  publisher = {Springer Berlin Heidelberg},
  booktitle = {"Selected Areas in Cryptography"},
  pages     = {1--24},
  year      = {2001},
  month     = dec,
  doi       = {10.1007/3-540-45537-X_1},
  isbn      = {978-3-540-45537-0},
  note      = {\url{https://doi.org/10.1007/3-540-45537-X_1}},
}

@inproceedings{ptw,
  author    = {Tews, Erik and Weinmann, Ralf-Philipp and Pyshkin, Andrei},
  title     = {"{Breaking 104 Bit WEP in Less Than 60 Seconds}"},
  publisher = {Springer Berlin Heidelberg},
  booktitle = {"Information Security Applications"},
  pages     = {188--202},
  year      = {2007},
  month     = dec,
  doi       = {10.1007/978-3-540-77535-5_14},
  isbn      = {978-3-540-77535-5},
  note      = {\url{https://doi.org/10.1007/978-3-540-77535-5_14}},
}

@misc{wifi_state,
  author = {{Wi-Fi Alliance}},
  title  = {"{The State of Wi-Fi Security}"},
  note   = {\url{https://www.wi-fi.org/download.php?file=/sites/default/files/private/20120229_State_of_Wi-Fi_Security_09May2012_updated_cert.pdf}},
}

@misc{wps_spec,
  author = {{Wi-Fi Alliance}},
  title  = {"{Wi-Fi Protected Setup Protocol and Usability Best Practices}"},
  note   = {\url{https://www.wi-fi.org/download.php?file=/sites/default/files/private/Wi-Fi_Protected_Setup_Best_Practices_v2.0.2.pdf}},
}

@misc{wec_spec,
  author = {{Wi-Fi Alliance}},
  title  = {"{Wi-Fi Easy Connect Specification}"},
  note   = {\url{https://www.wi-fi.org/download.php?file=/sites/default/files/private/Wi-Fi_Easy_Connect_Specification_v2.0.pdf}},
}

@misc{wpa_whitepaper,
  author = {{Wi-Fi Alliance}},
  title  = {"{Wi-Fi Protected Access: Strong, standards-based, interoperable security for today’s Wi-Fi networks}"},
  note   = {\url{https://web.archive.org/web/20051108045221/https://www.wi-fi.org/OpenSection/pdf/Whitepaper_Wi-Fi_Security4-29-03.pdf}},
}

@misc{rfc7664,
  author = {Dan Harkins},
  title  = {"{Dragonfly Key Exchange}"},
  year   = 2015,
  month  = nov,
  doi    = {10.17487/RFC7664},
  issn   = {2070-1721},
  note   = {\url{https://rfc-editor.org/rfc/rfc7664.txt}},
}

@misc{viehboeck,
  author = {Stefan Viehböck},
  title  = {"{Brute forcing Wi-Fi Protected Setup}"},
  year   = 2011,
  month  = dec,
  note   = {\url{https://sviehb.files.wordpress.com/2011/12/viehboeck_wps.pdf}},
}

@misc{pixiedust,
  author = {Dominique Bongard},
  title  = {"{Offline bruteforce attack on WiFi Protected Setup}"},
  year   = 2014,
  month  = oct,
  note   = {\url{http://archive.hack.lu/2014/Hacklu2014_offline_bruteforce_attack_on_wps.pdf}},
}

@misc{tr069,
  author = {{Broadband Forum}},
  title  = {"{TR-069 CPE WAN Management Protocol}"},
  year   = 2020,
  month  = jun,
  note   = {\url{https://www.broadband-forum.org/technical/download/TR-069.pdf}},
}

@misc{rfc3261,
  author = {Eve Schooler and Jonathan Rosenberg and Henning Schulzrinne and Alan Johnston and Gonzalo Camarillo and Jon Peterson and Robert Sparks and Mark J. Handley},
  title  = {"{SIP: Session Initiation Protocol}"},
  year   = 2002,
  month  = jul,
  doi    = {10.17487/RFC3261},
  note   = {\url{https://rfc-editor.org/rfc/rfc3261.txt}},
}

@misc{rfc1321,
  author = {Ronald L. Rivest},
  title  = {"{The MD5 Message-Digest Algorithm}"},
  year   = 1992,
  month  = apr,
  doi    = {10.17487/RFC1321},
  note   = {\url{https://rfc-editor.org/rfc/rfc1321.txt}},
}

@misc{rfc8018,
  author = {Kathleen Moriarty and Burt Kaliski and Andreas Rusch},
  title  = {"{PKCS \#5: Password-Based Cryptography Specification Version 2.1}"},
  year   = 2017,
  month  = jan,
  doi    = {10.17487/RFC8018},
  note   = {\url{https://rfc-editor.org/rfc/rfc8018.txt}},
}

@misc{rfc2516,
  author = {David Carrel and Jeff Evarts and Kurt Lidl and Louis A. Mamakos and Dan Simone and Ross Wheeler},
  title  = {"{A Method for Transmitting PPP Over Ethernet (PPPoE)}"},
  year   = 1999,
  month  = feb,
  doi    = {10.17487/RFC2516},
  note   = {\url{https://rfc-editor.org/rfc/rfc2516.txt}},
}

@misc{rfc8446,
  author = {Eric Rescorla},
  title  = {"{The Transport Layer Security (TLS) Protocol Version 1.3}"},
  year   = 2018,
  month  = aug,
  doi    = {10.17487/RFC8446},
  note   = {\url{https://rfc-editor.org/rfc/rfc8446.txt}},
}

@misc{rfc2616,
  author = {Henrik Nielsen and Jeffrey Mogul and Larry M Masinter and Roy T. Fielding and Jim Gettys and Paul J. Leach and Tim Berners-Lee},
  title  = {"{Hypertext Transfer Protocol -- HTTP/1.1}"},
  year   = 1999,
  month  = jun,
  doi    = {10.17487/RFC2616},
  note   = {\url{https://rfc-editor.org/rfc/rfc2616.txt}},
}

@misc{rfc854,
  author = {J. Postel and J. Reynolds},
  title  = {"{Telnet Protocol Specification}"},
  year   = 1983,
  month  = may,
  doi    = {10.17487/RFC0854},
  note   = {\url{https://rfc-editor.org/rfc/rfc854.txt}},
}

@misc{rfc1350,
  author = {Dr. Karen R. Sollins},
  title  = {"{The TFTP Protocol (Revision 2)}"},
  year   = 1992,
  month  = jul,
  doi    = {10.17487/RFC1350},
  note   = {\url{https://rfc-editor.org/rfc/rfc1350.txt}},
}

@misc{rfc4253,
  author = {Chris M. Lonvick and Tatu Ylonen},
  title  = {"{The Secure Shell (SSH) Transport Layer Protocol}"},
  year   = 2006,
  month  = jan,
  doi    = {10.17487/RFC4253},
  note   = {\url{https://rfc-editor.org/rfc/rfc4253.txt}},
}

@misc{rfc768,
  author = {J. Postel},
  title  = {"{User Datagram Protocol}"},
  year   = 1980,
  month  = aug,
  doi    = {10.17487/RFC0768},
  note   = {\url{https://rfc-editor.org/rfc/rfc768.txt}},
}

@misc{rfc793,
  author = {{Information Sciences Institute - University of Southern California}},
  title  = {"{Transmission Control Protocol}"},
  year   = 1981,
  month  = sep,
  doi    = {10.17487/RFC0793},
  note   = {\url{https://rfc-editor.org/rfc/rfc793.txt}},
}

@misc{aws_ec2_p3_instances,
  author = {{Amazon Web Services}},
  title  = {"{Amazon EC2 P3 Instances}"},
  note   = {\url{https://aws.amazon.com/ec2/instance-types/p3/}},
}

@misc{rfc6265,
  author = {Adam Barth},
  title  = {"{HTTP State Management Mechanism}"},
  year   = 2011,
  month  = apr,
  doi    = {10.17487/RFC6265},
  note   = {\url{https://rfc-editor.org/rfc/rfc6265.txt}},
}

@misc{cve-2020-5795,
  author = {{Tenable Network Security, Inc.}},
  title  = {"{CVE-2020-5795}"},
  year   = 2020,
  month  = nov,
  note   = {\url{https://nvd.nist.gov/vuln/detail/CVE-2020-5795}},
}

@misc{hdm,
  author = {{Nokia Corporation}},
  title  = {"{Motive Home Device Manager (HDM)}"},
  note   = {\url{https://supportstage.alcatel-lucent.com/portal/web/support/product-result?entryId=1-0000000002312}},
}

@misc{nmap,
  author = {{Insecure.Org}},
  title  = {"{Nmap: the Network Mapper - Free Security Scanner}"},
  note   = {\url{https://nmap.org}},
}

@misc{ping,
  author = {Alexey Kuznetsov},
  title  = {"{ping - send ICMP ECHO\_REQUEST to network hosts}"},
  note   = {\url{https://linux.die.net/man/8/ping}},
}

@misc{tcpdump,
  author = {{The Tcpdump Group}},
  title  = {"{TCPDUMP/LIBPCAP public repository}"},
  note   = {\url{https://www.tcpdump.org}},
}

@misc{binwalk,
  author = {{ReFirm Labs}},
  title  = {"{Binwalk - Firmware Analysis Tool}"},
  note   = {\url{https://github.com/ReFirmLabs/binwalk}},
}

@misc{binary_ninja,
  author = {{Vector 35}},
  title  = {"{Binary Ninja}"},
  note   = {\url{https://binary.ninja}},
}

@misc{ghidra,
  author = {{National Security Agency}},
  title  = {"{Ghidra}"},
  note   = {\url{https://ghidra-sre.org}},
}

@misc{rfc8110,
  author = {Dan Harkins and Warren "Ace" Kumari},
  title  = {"{Opportunistic Wireless Encryption}"},
  year   = 2017,
  month  = mar,
  doi    = {10.17487/RFC8110},
  note   = {\url{https://rfc-editor.org/rfc/rfc8110.txt}},
}
